<collection xmlns="http://www.loc.gov/MARC21/slim">
<record>
  <leader>02239cam a22003737i 4500</leader>
  <controlfield tag="001">18952554</controlfield>
  <controlfield tag="005">20200103145409.0</controlfield>
  <controlfield tag="008">160129s2016    le            000 0 ara  </controlfield>
  <datafield tag="906" ind1=" " ind2=" ">
    <subfield code="a">7</subfield>
    <subfield code="b">cbc</subfield>
    <subfield code="c">origode</subfield>
    <subfield code="d">4</subfield>
    <subfield code="e">ncip</subfield>
    <subfield code="f">20</subfield>
    <subfield code="g">y-nonroman</subfield>
  </datafield>
  <datafield tag="925" ind1="0" ind2=" ">
    <subfield code="a">acquire</subfield>
    <subfield code="b">1 shelf copy</subfield>
    <subfield code="x">policy default</subfield>
  </datafield>
  <datafield tag="955" ind1=" " ind2=" ">
    <subfield code="b">we30 2016-01-29;</subfield>
    <subfield code="h">we30 2016-01-29 to CALM</subfield>
  </datafield>
  <datafield tag="010" ind1=" " ind2=" ">
    <subfield code="a">  2015356319</subfield>
  </datafield>
  <datafield tag="020" ind1=" " ind2=" ">
    <subfield code="a">9789953216263</subfield>
  </datafield>
  <datafield tag="037" ind1=" " ind2=" ">
    <subfield code="c">85.00 EGP</subfield>
  </datafield>
  <datafield tag="040" ind1=" " ind2=" ">
    <subfield code="a">DLC</subfield>
    <subfield code="b">eng</subfield>
    <subfield code="e">rda</subfield>
    <subfield code="c">DLC</subfield>
  </datafield>
  <datafield tag="042" ind1=" " ind2=" ">
    <subfield code="a">lcode</subfield>
  </datafield>
  <datafield tag="050" ind1="0" ind2="0">
    <subfield code="a">MLCSN 2016/10226 (P)</subfield>
  </datafield>
  <datafield tag="066" ind1=" " ind2=" ">
    <subfield code="c">(3</subfield>
    <subfield code="c">(4</subfield>
  </datafield>
  <datafield tag="100" ind1="1" ind2=" ">
    <subfield code="6">880-01</subfield>
    <subfield code="a">Ṣārimī, Zahrān ibn Zāhir,</subfield>
    <subfield code="e">author.</subfield>
  </datafield>
  <datafield tag="880" ind1="1" ind2=" ">
    <subfield code="6">100-01/(3/r‏</subfield>
    <subfield code="a">‏صارمي، زهران بن زاهر.</subfield>
  </datafield>
  <datafield tag="245" ind1="1" ind2="0">
    <subfield code="6">880-02</subfield>
    <subfield code="a">Ṣawt min al-māḍī :</subfield>
    <subfield code="b">min adab al-sujūn al-ʻUmānīyah : min Kūt al-Jalālī ilá sijn al-Ramīs, 1973-1985 : shiʻr /</subfield>
    <subfield code="c">Zahrān ibn Zāhir al-Ṣārimī wa-Asʻad ibn Saʻīd al-Hāniʼ = A voice from the past : selections from Oman&apos;s prison literature : from Kut El-Jalali to El-Sijn El-Ramis, 1973-1985 / Zahran bin Zaher El-Saremi and Asaad Bin Said El-Hanaei.</subfield>
  </datafield>
  <datafield tag="880" ind1="1" ind2="0">
    <subfield code="6">245-02/(3/r‏</subfield>
    <subfield code="a">‏صوت من الماضي :‏</subfield>
    <subfield code="b">‏من ادب السجون العمانية : من كوت الجلالي إلى سجن الرميس، ١٩٧٣-١٩٨٥ : شعر /‏</subfield>
    <subfield code="c">‏زهران بن زاهر الصارمي وأسعد بن سعيد الهانئ = A voice from the past : selections from Oman&apos;s prison literature : from Kut El-Jalali to El-Sijn El-Ramis, 1973-1985 / Zahran bin Zaher El-Saremi and Asaad Bin Said El-Hanaei.</subfield>
  </datafield>
  <datafield tag="246" ind1="1" ind2=" ">
    <subfield code="i">Title on title page verso:</subfield>
    <subfield code="a">A voice from the past :</subfield>
    <subfield code="b">selections from Oman&apos;s prison literature : from Kut El-Jalali to El-Sijn El-Ramis, 1973-1985</subfield>
  </datafield>
  <datafield tag="250" ind1=" " ind2=" ">
    <subfield code="6">880-03</subfield>
    <subfield code="a">al-Ṭabʻah al-ūlá.</subfield>
  </datafield>
  <datafield tag="880" ind1=" " ind2=" ">
    <subfield code="6">250-03/(3/r‏</subfield>
    <subfield code="a">‏الطبعة الأولى.</subfield>
  </datafield>
  <datafield tag="264" ind1=" " ind2="1">
    <subfield code="6">880-04</subfield>
    <subfield code="a">Beirut :</subfield>
    <subfield code="b">Riyāḍ al-Rayyis lil-Kutub wa-al-Nashr,</subfield>
    <subfield code="c">2016.</subfield>
  </datafield>
  <datafield tag="880" ind1=" " ind2="1">
    <subfield code="6">264-04/(3/r‏</subfield>
    <subfield code="a">Beirut :‏</subfield>
    <subfield code="b">‏رياض الريس للكتب والنشر،‏</subfield>
    <subfield code="c">‏‪2016‬.</subfield>
  </datafield>
  <datafield tag="300" ind1=" " ind2=" ">
    <subfield code="a">124 pages ;</subfield>
    <subfield code="c">22 cm</subfield>
  </datafield>
  <datafield tag="336" ind1=" " ind2=" ">
    <subfield code="a">text</subfield>
    <subfield code="b">txt</subfield>
    <subfield code="2">rdacontent</subfield>
  </datafield>
  <datafield tag="337" ind1=" " ind2=" ">
    <subfield code="a">unmediated</subfield>
    <subfield code="b">n</subfield>
    <subfield code="2">rdamedia</subfield>
  </datafield>
  <datafield tag="338" ind1=" " ind2=" ">
    <subfield code="a">volume</subfield>
    <subfield code="b">nc</subfield>
    <subfield code="2">rdacarrier</subfield>
  </datafield>
  <datafield tag="500" ind1=" " ind2=" ">
    <subfield code="a">Poems.</subfield>
  </datafield>
  <datafield tag="700" ind1="1" ind2=" ">
    <subfield code="a">Hāniʼ, Asʻad ibn Saʻīd,</subfield>
    <subfield code="e">author.</subfield>
  </datafield>
  <datafield tag="985" ind1=" " ind2=" ">
    <subfield code="e">ODE-ca</subfield>
  </datafield>
</record>