
<record>
  <leader>01723cam a22003497i 4500</leader>
  <controlfield tag="001">18965146</controlfield>
  <controlfield tag="005">20200103120954.0</controlfield>
  <controlfield tag="008">160120s2015    ru af         000 e rus  </controlfield>
  <datafield tag="906" ind1=" " ind2=" ">
    <subfield code="a">7</subfield>
    <subfield code="b">cbc</subfield>
    <subfield code="c">origres</subfield>
    <subfield code="d">3</subfield>
    <subfield code="e">ncip</subfield>
    <subfield code="f">20</subfield>
    <subfield code="g">y-nonroman</subfield>
  </datafield>
  <datafield tag="925" ind1="0" ind2=" ">
    <subfield code="a">acquire</subfield>
    <subfield code="b">1 shelf copy</subfield>
    <subfield code="x">policy default</subfield>
  </datafield>
  <datafield tag="955" ind1=" " ind2=" ">
    <subfield code="b">fe06 2016-03-08 to cat.</subfield>
    <subfield code="a">fe00 2016-03-09 to GS/RUS</subfield>
    <subfield code="h">fe12 2019-02-28 telework to shelf</subfield>
  </datafield>
  <datafield tag="010" ind1=" " ind2=" ">
    <subfield code="a">  2015524586</subfield>
  </datafield>
  <datafield tag="020" ind1=" " ind2=" ">
    <subfield code="a">9785869882783 (pbk.)</subfield>
  </datafield>
  <datafield tag="035" ind1=" " ind2=" ">
    <subfield code="a">(RuMoEVIS)ev1149322B</subfield>
  </datafield>
  <datafield tag="040" ind1=" " ind2=" ">
    <subfield code="a">DLC</subfield>
    <subfield code="b">eng</subfield>
    <subfield code="e">rda</subfield>
    <subfield code="c">DLC</subfield>
  </datafield>
  <datafield tag="050" ind1="0" ind2="0">
    <subfield code="a">MLCS 2019/41005 (B)</subfield>
  </datafield>
  <datafield tag="066" ind1=" " ind2=" ">
    <subfield code="c">(N</subfield>
  </datafield>
  <datafield tag="100" ind1="1" ind2=" ">
    <subfield code="a">Roerich, Nicholas,</subfield>
    <subfield code="d">1874-1947,</subfield>
    <subfield code="e">author.</subfield>
  </datafield>
  <datafield tag="245" ind1="1" ind2="0">
    <subfield code="6">880-01</subfield>
    <subfield code="a">Mir cherez kulʹturu :</subfield>
    <subfield code="b">Sbornik ocherkov N.K. Rerikha /</subfield>
    <subfield code="c">Sostavitelʹ, avtor vatupitelʹnoĭ statʹi i primechaniĭ I.I︠U︡. Dʹi︠a︡chenko.</subfield>
  </datafield>
  <datafield tag="880" ind1="1" ind2="0">
    <subfield code="6">245-01/(N</subfield>
    <subfield code="a">Мир через культуру :</subfield>
    <subfield code="b">Сборник очерков Н.К. Рериха /</subfield>
    <subfield code="c">Составитель, автор ватупительной статьи и примечаний И.Ю. Дьяченко.</subfield>
  </datafield>
  <datafield tag="246" ind1="3" ind2=" ">
    <subfield code="6">880-02</subfield>
    <subfield code="a">Sbornik ocherkov K.K. Rerikha</subfield>
  </datafield>
  <datafield tag="880" ind1="3" ind2=" ">
    <subfield code="6">246-02/(N</subfield>
    <subfield code="a">Сборник очерков К.К. Рериха</subfield>
  </datafield>
  <datafield tag="264" ind1=" " ind2="1">
    <subfield code="6">880-03</subfield>
    <subfield code="a">Moskva :</subfield>
    <subfield code="b">Mezhdunarodnyĭ t︠s︡entr Rerikhov,</subfield>
    <subfield code="c">2015.</subfield>
  </datafield>
  <datafield tag="880" ind1=" " ind2="1">
    <subfield code="6">264-03/(N</subfield>
    <subfield code="a">Москва :</subfield>
    <subfield code="b">Международный центр Рерихов,</subfield>
    <subfield code="c">2015.</subfield>
  </datafield>
  <datafield tag="300" ind1=" " ind2=" ">
    <subfield code="a">133 pages, 16 unnumbered pages of plates :</subfield>
    <subfield code="b">color illustrations ;</subfield>
    <subfield code="c">20 cm</subfield>
  </datafield>
  <datafield tag="336" ind1=" " ind2=" ">
    <subfield code="a">text</subfield>
    <subfield code="b">txt</subfield>
    <subfield code="2">rdacontent</subfield>
  </datafield>
  <datafield tag="337" ind1=" " ind2=" ">
    <subfield code="a">unmediated</subfield>
    <subfield code="b">n</subfield>
    <subfield code="2">rdamedia</subfield>
  </datafield>
  <datafield tag="338" ind1=" " ind2=" ">
    <subfield code="a">volume</subfield>
    <subfield code="b">nc</subfield>
    <subfield code="2">rdacarrier</subfield>
  </datafield>
  <datafield tag="653" ind1="0" ind2=" ">
    <subfield code="a">Philosophy;</subfield>
    <subfield code="a">Culture</subfield>
  </datafield>
  <datafield tag="700" ind1="1" ind2=" ">
    <subfield code="a">Dʹi︠a︡chenko, I. I︠U︡.</subfield>
    <subfield code="q">(Irina I︠U︡rʹevna),</subfield>
    <subfield code="e">compiler.</subfield>
  </datafield>
  <datafield tag="923" ind1=" " ind2=" ">
    <subfield code="d">20160120</subfield>
    <subfield code="n">10165733</subfield>
    <subfield code="s">RuMoEVIS</subfield>
  </datafield>
  <datafield tag="985" ind1=" " ind2=" ">
    <subfield code="e">VENDOR LOAD</subfield>
  </datafield>
</record>