
<record>
  <leader>01496cam a22003497i 4500</leader>
  <controlfield tag="001">18965578</controlfield>
  <controlfield tag="005">20200103120954.0</controlfield>
  <controlfield tag="008">160129s2015    gw a     b    001 0 ger c</controlfield>
  <datafield tag="906" ind1=" " ind2=" ">
    <subfield code="a">7</subfield>
    <subfield code="b">cbc</subfield>
    <subfield code="c">pccadap</subfield>
    <subfield code="d">3</subfield>
    <subfield code="e">ncip</subfield>
    <subfield code="f">20</subfield>
    <subfield code="g">y-gencatlg</subfield>
  </datafield>
  <datafield tag="925" ind1="0" ind2=" ">
    <subfield code="a">acquire</subfield>
    <subfield code="b">1 shelf copy</subfield>
    <subfield code="x">policy default</subfield>
  </datafield>
  <datafield tag="955" ind1=" " ind2=" ">
    <subfield code="b">fd10 2016-02-29</subfield>
    <subfield code="i">vk26 2016-04-25</subfield>
    <subfield code="e">vk26 2016-04-25 to Dewey</subfield>
    <subfield code="w">xm01 2016-11-16</subfield>
  </datafield>
  <datafield tag="010" ind1=" " ind2=" ">
    <subfield code="a">  2015493790</subfield>
  </datafield>
  <datafield tag="020" ind1=" " ind2=" ">
    <subfield code="a">9783827011800</subfield>
    <subfield code="q">(hd.bd.)</subfield>
  </datafield>
  <datafield tag="020" ind1=" " ind2=" ">
    <subfield code="a">3827011809</subfield>
    <subfield code="q">(hd.bd.)</subfield>
  </datafield>
  <datafield tag="024" ind1="3" ind2=" ">
    <subfield code="a">9783827011800</subfield>
  </datafield>
  <datafield tag="035" ind1=" " ind2=" ">
    <subfield code="a">(OCoLC)921884172</subfield>
  </datafield>
  <datafield tag="040" ind1=" " ind2=" ">
    <subfield code="a">OHX</subfield>
    <subfield code="b">eng</subfield>
    <subfield code="e">rda</subfield>
    <subfield code="c">OHX</subfield>
    <subfield code="d">NOC</subfield>
    <subfield code="d">OCLCF</subfield>
    <subfield code="d">HEBIS</subfield>
    <subfield code="d">ZCU</subfield>
    <subfield code="d">STF</subfield>
  </datafield>
  <datafield tag="043" ind1=" " ind2=" ">
    <subfield code="a">e-gw---</subfield>
  </datafield>
  <datafield tag="050" ind1="0" ind2="0">
    <subfield code="a">ML275</subfield>
    <subfield code="b">.W57 2015</subfield>
  </datafield>
  <datafield tag="082" ind1="0" ind2="0">
    <subfield code="a">780.943</subfield>
    <subfield code="2">23</subfield>
  </datafield>
  <datafield tag="100" ind1="1" ind2=" ">
    <subfield code="a">Wissmann, Friederike,</subfield>
    <subfield code="e">author.</subfield>
  </datafield>
  <datafield tag="245" ind1="1" ind2="0">
    <subfield code="a">Deutsche Musik /</subfield>
    <subfield code="c">Friederike Wissmann.</subfield>
  </datafield>
  <datafield tag="264" ind1=" " ind2="1">
    <subfield code="a">München :</subfield>
    <subfield code="b">Berlin Verlag in der Piper Verlag GmbH,</subfield>
    <subfield code="c">[2015]</subfield>
  </datafield>
  <datafield tag="300" ind1=" " ind2=" ">
    <subfield code="a">510 pages :</subfield>
    <subfield code="b">illustrations ;</subfield>
    <subfield code="c">22 cm</subfield>
  </datafield>
  <datafield tag="336" ind1=" " ind2=" ">
    <subfield code="a">text</subfield>
    <subfield code="2">rdacontent</subfield>
  </datafield>
  <datafield tag="337" ind1=" " ind2=" ">
    <subfield code="a">unmediated</subfield>
    <subfield code="2">rdamedia</subfield>
  </datafield>
  <datafield tag="338" ind1=" " ind2=" ">
    <subfield code="a">volume</subfield>
    <subfield code="2">rdacarrier</subfield>
  </datafield>
  <datafield tag="504" ind1=" " ind2=" ">
    <subfield code="a">Includes bibliographical references and index.</subfield>
  </datafield>
  <datafield tag="505" ind1="0" ind2="0">
    <subfield code="g">Einleitung --</subfield>
    <subfield code="t">Himmlisch --</subfield>
    <subfield code="t">Diskursiv --</subfield>
    <subfield code="t">Gesellig --</subfield>
    <subfield code="t">Regional --</subfield>
    <subfield code="t">Öffentlich --</subfield>
    <subfield code="t">Käuflich --</subfield>
    <subfield code="t">Diktiert --</subfield>
    <subfield code="t">Widerständig --</subfield>
    <subfield code="t">Inszeniert --</subfield>
    <subfield code="t">Ausgewandert --</subfield>
    <subfield code="t">Komisch --</subfield>
    <subfield code="t">Hymnisch --</subfield>
    <subfield code="t">Faust und der Mythos der Deutschen Musik --</subfield>
    <subfield code="t">Anmerkungen --</subfield>
    <subfield code="g">Dank --</subfield>
    <subfield code="g">Verzeichnis der Personen, Orchester und Bands.</subfield>
  </datafield>
  <datafield tag="650" ind1=" " ind2="0">
    <subfield code="a">Music</subfield>
    <subfield code="z">Germany</subfield>
    <subfield code="x">History and criticism.</subfield>
  </datafield>
  <datafield tag="923" ind1=" " ind2=" ">
    <subfield code="d">20160127</subfield>
    <subfield code="n">0396942</subfield>
    <subfield code="s">GyWOH</subfield>
  </datafield>
  <datafield tag="985" ind1=" " ind2=" ">
    <subfield code="e">VENDOR LOAD</subfield>
  </datafield>
</record>