
<record>
  <leader>02518cam a22003377i 4500</leader>
  <controlfield tag="001">18966821</controlfield>
  <controlfield tag="005">20200103150551.0</controlfield>
  <controlfield tag="008">160208s2016    pau      b    001 0 eng  </controlfield>
  <datafield tag="906" ind1=" " ind2=" ">
    <subfield code="a">7</subfield>
    <subfield code="b">cbc</subfield>
    <subfield code="c">orignew</subfield>
    <subfield code="d">1</subfield>
    <subfield code="e">ecip</subfield>
    <subfield code="f">20</subfield>
    <subfield code="g">y-gencatlg</subfield>
  </datafield>
  <datafield tag="925" ind1="0" ind2=" ">
    <subfield code="a">acquire</subfield>
    <subfield code="b">1 shelf copy</subfield>
    <subfield code="x">policy default</subfield>
  </datafield>
  <datafield tag="955" ind1=" " ind2=" ">
    <subfield code="b">rm13 2016-02-08</subfield>
    <subfield code="c">rm13 2016-02-08 (telework)</subfield>
    <subfield code="d">rm13 2016-02-29 (telework) to Dewey</subfield>
    <subfield code="w">xm09 2016-03-01</subfield>
    <subfield code="a">xn12 2016-03-21 1 copy rec&apos;d., to CIP ver.</subfield>
    <subfield code="f">rm06 2016-07-13 to CALM</subfield>
  </datafield>
  <datafield tag="010" ind1=" " ind2=" ">
    <subfield code="a">  2015046894</subfield>
  </datafield>
  <datafield tag="020" ind1=" " ind2=" ">
    <subfield code="a">9781466698550 (hardcover)</subfield>
  </datafield>
  <datafield tag="020" ind1=" " ind2=" ">
    <subfield code="z">9781466698567 (ebook)</subfield>
  </datafield>
  <datafield tag="040" ind1=" " ind2=" ">
    <subfield code="a">DLC</subfield>
    <subfield code="b">eng</subfield>
    <subfield code="c">DLC</subfield>
    <subfield code="e">rda</subfield>
    <subfield code="d">DLC</subfield>
  </datafield>
  <datafield tag="050" ind1="0" ind2="0">
    <subfield code="a">HM742</subfield>
    <subfield code="b">.C745 2016</subfield>
  </datafield>
  <datafield tag="082" ind1="0" ind2="0">
    <subfield code="a">302.30285</subfield>
    <subfield code="2">23</subfield>
  </datafield>
  <datafield tag="100" ind1="1" ind2=" ">
    <subfield code="a">Crick, Matthew,</subfield>
    <subfield code="d">1966-</subfield>
    <subfield code="e">author.</subfield>
  </datafield>
  <datafield tag="245" ind1="1" ind2="0">
    <subfield code="a">Power, surveillance, and culture in youtube&apos;s digital sphere /</subfield>
    <subfield code="c">Matthew Crick, William Paterson University, USA.</subfield>
  </datafield>
  <datafield tag="264" ind1=" " ind2="1">
    <subfield code="a">Hershey :</subfield>
    <subfield code="b">Information Science Reference, An Imprint of IGI Global,</subfield>
    <subfield code="c">2016.</subfield>
  </datafield>
  <datafield tag="300" ind1=" " ind2=" ">
    <subfield code="a">xxi, 317 pages ;</subfield>
    <subfield code="c">29 cm.</subfield>
  </datafield>
  <datafield tag="336" ind1=" " ind2=" ">
    <subfield code="a">text</subfield>
    <subfield code="2">rdacontent</subfield>
  </datafield>
  <datafield tag="337" ind1=" " ind2=" ">
    <subfield code="a">unmediated</subfield>
    <subfield code="2">rdamedia</subfield>
  </datafield>
  <datafield tag="338" ind1=" " ind2=" ">
    <subfield code="a">volume</subfield>
    <subfield code="2">rdacarrier</subfield>
  </datafield>
  <datafield tag="490" ind1="0" ind2=" ">
    <subfield code="a">A volume in the Advances in Social Networking and Online Communities (ASNOC) Book Series.</subfield>
  </datafield>
  <datafield tag="504" ind1=" " ind2=" ">
    <subfield code="a">Includes bibliographical references (pages 292-313) and index.</subfield>
  </datafield>
  <datafield tag="505" ind1="0" ind2=" ">
    <subfield code="a">Youtube&apos;s importance and how the internet shapes the youtube experience -- Making and sharing youtube videos, history and youtube economics and advertising : the promise of a better world -- Medium theory, cultural studies and other ways of seeing youtube -- Youtube politics -- The filmed wars : new audience frontiers and invisible boundaries -- Youtube : surveillance, power, audience, and monetizing the message -- Original research examining youtube users (youtubers) attitudes, beliefs, and behaviors : the Bronx pilot study -- The new jersey youtube experience survey : new research and observations -- Learning in youtube : what else is happening in the online universe of pets and pop stars? -- Youtube and Google : glorious days -- References -- Key terms.</subfield>
  </datafield>
  <datafield tag="520" ind1=" " ind2=" ">
    <subfield code="a">&quot;This book examines the imaginative, socioeconomic, and innovative features of the video sharing community of YouTube and how these areas traverse the digital world, highlighting theoretical concepts and empirical research, as well as an in-depth discussion on cultural studies, participatory experience, and media theory&quot;--</subfield>
    <subfield code="c">Provided by publisher.</subfield>
  </datafield>
  <datafield tag="630" ind1="0" ind2="0">
    <subfield code="a">YouTube (Electronic resource)</subfield>
  </datafield>
  <datafield tag="650" ind1=" " ind2="0">
    <subfield code="a">Online social networks.</subfield>
  </datafield>
  <datafield tag="650" ind1=" " ind2="0">
    <subfield code="a">Internet videos</subfield>
    <subfield code="x">Social aspects.</subfield>
  </datafield>
</record>