
<record>
  <leader>03252cam a22004217i 4500</leader>
  <controlfield tag="001">18969320</controlfield>
  <controlfield tag="005">20200103150551.0</controlfield>
  <controlfield tag="008">160209s2016    nyu      b    001 0 eng  </controlfield>
  <datafield tag="906" ind1=" " ind2=" ">
    <subfield code="a">7</subfield>
    <subfield code="b">cbc</subfield>
    <subfield code="c">orignew</subfield>
    <subfield code="d">1</subfield>
    <subfield code="e">ecip</subfield>
    <subfield code="f">20</subfield>
    <subfield code="g">y-gencatlg</subfield>
  </datafield>
  <datafield tag="925" ind1="0" ind2=" ">
    <subfield code="a">acquire</subfield>
    <subfield code="b">1 shelf copy</subfield>
    <subfield code="x">policy default</subfield>
  </datafield>
  <datafield tag="955" ind1=" " ind2=" ">
    <subfield code="b">rk09 2016-02-09</subfield>
    <subfield code="i">rk09 2016-02-09 ONIX</subfield>
    <subfield code="w">xm06 2016-02-10;</subfield>
  </datafield>
  <datafield tag="010" ind1=" " ind2=" ">
    <subfield code="a">  2016001376</subfield>
  </datafield>
  <datafield tag="020" ind1=" " ind2=" ">
    <subfield code="a">9781608196104 (hardback)</subfield>
  </datafield>
  <datafield tag="040" ind1=" " ind2=" ">
    <subfield code="a">DLC</subfield>
    <subfield code="b">eng</subfield>
    <subfield code="c">DLC</subfield>
    <subfield code="e">rda</subfield>
    <subfield code="d">DLC</subfield>
  </datafield>
  <datafield tag="043" ind1=" " ind2=" ">
    <subfield code="a">n-us---</subfield>
  </datafield>
  <datafield tag="050" ind1="0" ind2="0">
    <subfield code="a">TK1005</subfield>
    <subfield code="b">.B27 2016</subfield>
  </datafield>
  <datafield tag="082" ind1="0" ind2="0">
    <subfield code="a">333.793/2</subfield>
    <subfield code="2">23</subfield>
  </datafield>
  <datafield tag="084" ind1=" " ind2=" ">
    <subfield code="a">TEC031020</subfield>
    <subfield code="a">SOC026000</subfield>
    <subfield code="a">BUS032000</subfield>
    <subfield code="a">TEC010000</subfield>
    <subfield code="a">SCI021000</subfield>
    <subfield code="2">bisacsh</subfield>
  </datafield>
  <datafield tag="100" ind1="1" ind2=" ">
    <subfield code="a">Bakke, Gretchen Anna,</subfield>
    <subfield code="e">author.</subfield>
  </datafield>
  <datafield tag="245" ind1="1" ind2="4">
    <subfield code="a">The grid :</subfield>
    <subfield code="b">the fraying wires between Americans and our energy future /</subfield>
    <subfield code="c">Gretchen Bakke.</subfield>
  </datafield>
  <datafield tag="264" ind1=" " ind2="1">
    <subfield code="a">New York :</subfield>
    <subfield code="b">Bloomsbury USA,</subfield>
    <subfield code="c">2016.</subfield>
  </datafield>
  <datafield tag="300" ind1=" " ind2=" ">
    <subfield code="a">xxx, 352 pages ;</subfield>
    <subfield code="c">25 cm</subfield>
  </datafield>
  <datafield tag="336" ind1=" " ind2=" ">
    <subfield code="a">text</subfield>
    <subfield code="b">txt</subfield>
    <subfield code="2">rdacontent</subfield>
  </datafield>
  <datafield tag="337" ind1=" " ind2=" ">
    <subfield code="a">unmediated</subfield>
    <subfield code="b">n</subfield>
    <subfield code="2">rdamedia</subfield>
  </datafield>
  <datafield tag="338" ind1=" " ind2=" ">
    <subfield code="a">volume</subfield>
    <subfield code="b">nc</subfield>
    <subfield code="2">rdacarrier</subfield>
  </datafield>
  <datafield tag="520" ind1=" " ind2=" ">
    <subfield code="a">&quot;The grid is an accident of history and of culture, in no way intrinsic to how we produce, deliver and consume electrical power. Yet this is the system the United States ended up with, a jerry-built structure now so rickety and near collapse that a strong wind or a hot day can bring it to a grinding halt. The grid is now under threat from a new source: renewable and variable energy, which puts stress on its logics as much as its components. In entertaining, perceptive, and deeply researched fashion, cultural anthropologist Gretchen Bakke uses the history of an increasingly outdated infrastructure to show how the United States has gone from seemingly infinite technological prowess to a land of structural instability. She brings humor and a bright eye to contemporary solutions and to the often surprising ways in which these succeed or fail. And the consequences of failure are significant. Our national electrical grid grew during an era when monopoly, centralization and standardization meant strength. Yet as we&apos;ve increasingly become a nation that caters to local needs, and as a plethora of new, renewable energy sources comes on line, our massive system is dangerously out of step. Charting the history of our electrical grid, Bakke helps us see what we all take for granted, shows it as central to our culture and identity as a people, and reveals it to be the linchpin in our aspirations for a clean energy future&quot;--</subfield>
    <subfield code="c">Provided by publisher.</subfield>
  </datafield>
  <datafield tag="504" ind1=" " ind2=" ">
    <subfield code="a">Includes bibliographical references and index.</subfield>
  </datafield>
  <datafield tag="650" ind1=" " ind2="0">
    <subfield code="a">Electric power systems</subfield>
    <subfield code="x">Technological innovations</subfield>
    <subfield code="z">United States.</subfield>
  </datafield>
  <datafield tag="650" ind1=" " ind2="0">
    <subfield code="a">Electric power distribution</subfield>
    <subfield code="z">United States</subfield>
    <subfield code="x">History.</subfield>
  </datafield>
  <datafield tag="650" ind1=" " ind2="0">
    <subfield code="a">Clean energy</subfield>
    <subfield code="z">United States.</subfield>
  </datafield>
  <datafield tag="650" ind1=" " ind2="0">
    <subfield code="a">Electric power failures</subfield>
    <subfield code="z">United States.</subfield>
  </datafield>
  <datafield tag="650" ind1=" " ind2="0">
    <subfield code="a">Energy policy</subfield>
    <subfield code="x">Social aspects</subfield>
    <subfield code="z">United States.</subfield>
  </datafield>
  <datafield tag="650" ind1=" " ind2="7">
    <subfield code="a">TECHNOLOGY &amp; ENGINEERING / Power Resources / Electrical.</subfield>
    <subfield code="2">bisacsh</subfield>
  </datafield>
  <datafield tag="650" ind1=" " ind2="7">
    <subfield code="a">SOCIAL SCIENCE / Sociology / General.</subfield>
    <subfield code="2">bisacsh</subfield>
  </datafield>
  <datafield tag="650" ind1=" " ind2="7">
    <subfield code="a">BUSINESS &amp; ECONOMICS / Infrastructure.</subfield>
    <subfield code="2">bisacsh</subfield>
  </datafield>
  <datafield tag="650" ind1=" " ind2="7">
    <subfield code="a">TECHNOLOGY &amp; ENGINEERING / Environmental / General.</subfield>
    <subfield code="2">bisacsh</subfield>
  </datafield>
  <datafield tag="650" ind1=" " ind2="7">
    <subfield code="a">SCIENCE / Electricity.</subfield>
    <subfield code="2">bisacsh</subfield>
  </datafield>
  <datafield tag="856" ind1="4" ind2="2">
    <subfield code="3">Cover image</subfield>
    <subfield code="u">http://www.netread.com/jcusers2/bk1388/104/9781608196104/image/lgcover.9781608196104.jpg</subfield>
  </datafield>
</record>