
<record>
  <leader>04288cam a22003857i 4500</leader>
  <controlfield tag="001">18969651</controlfield>
  <controlfield tag="005">20200103150552.0</controlfield>
  <controlfield tag="008">160209s2016    enk      b    001 0 eng  </controlfield>
  <datafield tag="906" ind1=" " ind2=" ">
    <subfield code="a">7</subfield>
    <subfield code="b">cbc</subfield>
    <subfield code="c">orignew</subfield>
    <subfield code="d">1</subfield>
    <subfield code="e">ecip</subfield>
    <subfield code="f">20</subfield>
    <subfield code="g">y-gencatlg</subfield>
  </datafield>
  <datafield tag="925" ind1="0" ind2=" ">
    <subfield code="a">acquire</subfield>
    <subfield code="b">2 shelf copy</subfield>
    <subfield code="x">policy default</subfield>
  </datafield>
  <datafield tag="955" ind1=" " ind2=" ">
    <subfield code="b">rm15 2016-02-09</subfield>
    <subfield code="c">rm15 2016-02-09 ONIX</subfield>
    <subfield code="i">rm15 2016-02-09 (telework)</subfield>
    <subfield code="a">rm15 2016-02-09 to Dewey</subfield>
    <subfield code="w">xm06 2016-02-10</subfield>
    <subfield code="a">xn12 2016-06-06 1 copy rec&apos;d., to CIP ver.</subfield>
    <subfield code="f">rm06 2016-10-20 to BCCD</subfield>
  </datafield>
  <datafield tag="010" ind1=" " ind2=" ">
    <subfield code="a">  2015051169</subfield>
  </datafield>
  <datafield tag="020" ind1=" " ind2=" ">
    <subfield code="a">9780749476977 (paperback)</subfield>
  </datafield>
  <datafield tag="040" ind1=" " ind2=" ">
    <subfield code="a">DLC</subfield>
    <subfield code="b">eng</subfield>
    <subfield code="c">DLC</subfield>
    <subfield code="e">rda</subfield>
    <subfield code="d">DLC</subfield>
  </datafield>
  <datafield tag="050" ind1="0" ind2="0">
    <subfield code="a">HF5549.5.R44</subfield>
    <subfield code="b">B5165 2016</subfield>
  </datafield>
  <datafield tag="082" ind1="0" ind2="0">
    <subfield code="a">658.3/1</subfield>
    <subfield code="2">23</subfield>
  </datafield>
  <datafield tag="084" ind1=" " ind2=" ">
    <subfield code="a">BUS030000</subfield>
    <subfield code="a">BUS041000</subfield>
    <subfield code="a">BUS071000</subfield>
    <subfield code="2">bisacsh</subfield>
  </datafield>
  <datafield tag="100" ind1="1" ind2=" ">
    <subfield code="a">Bibb, Sally,</subfield>
    <subfield code="d">1963-</subfield>
    <subfield code="e">author.</subfield>
  </datafield>
  <datafield tag="245" ind1="1" ind2="0">
    <subfield code="a">Strengths-based recruitment and development :</subfield>
    <subfield code="b">a practical guide to transforming talent management strategy for business results /</subfield>
    <subfield code="c">Sally Bibb.</subfield>
  </datafield>
  <datafield tag="264" ind1=" " ind2="1">
    <subfield code="a">London ;</subfield>
    <subfield code="a">Philadelphia :</subfield>
    <subfield code="b">Kogan Page,</subfield>
    <subfield code="c">2016.</subfield>
  </datafield>
  <datafield tag="300" ind1=" " ind2=" ">
    <subfield code="a">xx, 264 pages ;</subfield>
    <subfield code="c">24 cm</subfield>
  </datafield>
  <datafield tag="336" ind1=" " ind2=" ">
    <subfield code="a">text</subfield>
    <subfield code="2">rdacontent</subfield>
  </datafield>
  <datafield tag="337" ind1=" " ind2=" ">
    <subfield code="a">unmediated</subfield>
    <subfield code="2">rdamedia</subfield>
  </datafield>
  <datafield tag="338" ind1=" " ind2=" ">
    <subfield code="a">volume</subfield>
    <subfield code="2">rdacarrier</subfield>
  </datafield>
  <datafield tag="504" ind1=" " ind2=" ">
    <subfield code="a">Includes bibliographical references (pages 258-259) and index.</subfield>
  </datafield>
  <datafield tag="520" ind1=" " ind2=" ">
    <subfield code="a">&quot;Traditionally, organizations have hired employees based on what they can do and have done in the past (competency-based recruiting), rather than what they are naturally good at and love doing, or Strengths-Based Recruitment (SBR).  Companies, such as Starbucks and Gap, have adopted SBR and have reported increases in productivity and customer satisfaction and decreases in sick days.  Through case studies and interviews with executive board level leaders, Strengths-Based Recruitment and Development takes a more strategic look at developing SBR and provides valuable insight into how SBR has been successfully implemented in organizations to improve performance and the bottom line.  It goes beyond simply recruiting the right people, to keeping employees working at their best through development and performance management, and creating a culture that brings out their strengths.  Chapters explain the differences between SBR and competency-based recruiting, the benefits of using SBR, how SBR works in practice, how to implement an SBR strategy while avoiding pitfalls, the financial and human impact of an effective strengths-based strategy, and finally, discuss strengths-based performance management and development&quot;--</subfield>
    <subfield code="c">Provided by publisher.</subfield>
  </datafield>
  <datafield tag="520" ind1=" " ind2=" ">
    <subfield code="a">&quot;Strengths-Based Recruitment and Development explains how and why strengths-based recruitment (SBR) is having a transformational impact on performance in top companies like Saga, Gap, Starbucks and SABMiller. By shifting the focus from what people can do (competency-based recruitment) to what they naturally enjoy doing, or SBR, these companies have reported results which include a 50% drop in staff turnover, 20% increase in productivity and a 12% increase in customer satisfaction within a matter of months. It is no wonder that organizations in many sectors are adopting this new and powerful approach to improve performance, customer satisfaction and competitive edge. Strengths-Based Recruitment and Development includes case studies and interviews with executive board level leaders. These provide rare insight into how they implemented strengths approaches in their organizations to improve the bottom line and performance. The book shows how strengths-based talent management goes beyond simply recruiting the right people to creating a strategy and culture that has a transformational effect on organisational culture and results. Strengths-Based Recruitment and Development will be the go-to book on strengths-based talent management for HR professionals and managers&quot;--</subfield>
    <subfield code="c">Provided by publisher.</subfield>
  </datafield>
  <datafield tag="650" ind1=" " ind2="0">
    <subfield code="a">Employees</subfield>
    <subfield code="x">Recruiting.</subfield>
  </datafield>
  <datafield tag="650" ind1=" " ind2="0">
    <subfield code="a">Employee retention.</subfield>
  </datafield>
  <datafield tag="650" ind1=" " ind2="0">
    <subfield code="a">Personnel management.</subfield>
  </datafield>
  <datafield tag="650" ind1=" " ind2="0">
    <subfield code="a">Manpower planning.</subfield>
  </datafield>
  <datafield tag="650" ind1=" " ind2="7">
    <subfield code="a">BUSINESS &amp; ECONOMICS / Human Resources &amp; Personnel Management.</subfield>
    <subfield code="2">bisacsh</subfield>
  </datafield>
  <datafield tag="650" ind1=" " ind2="7">
    <subfield code="a">BUSINESS &amp; ECONOMICS / Management.</subfield>
    <subfield code="2">bisacsh</subfield>
  </datafield>
  <datafield tag="650" ind1=" " ind2="7">
    <subfield code="a">BUSINESS &amp; ECONOMICS / Leadership.</subfield>
    <subfield code="2">bisacsh</subfield>
  </datafield>
  <datafield tag="776" ind1="0" ind2="8">
    <subfield code="i">Online version:</subfield>
    <subfield code="a">Bibb, Sally, 1963- author.</subfield>
    <subfield code="t">Strengths-based recruitment and development</subfield>
    <subfield code="d">London ; Philadelphia : Kogan Page, 2016</subfield>
    <subfield code="z">9780749476984</subfield>
    <subfield code="w">(DLC) 2016007012</subfield>
  </datafield>
</record>