
<record>
  <leader>03368cam a22004457i 4500</leader>
  <controlfield tag="001">18971418</controlfield>
  <controlfield tag="005">20200103150553.0</controlfield>
  <controlfield tag="008">160209s2016    enka     b    001 0 eng  </controlfield>
  <datafield tag="906" ind1=" " ind2=" ">
    <subfield code="a">7</subfield>
    <subfield code="b">cbc</subfield>
    <subfield code="c">orignew</subfield>
    <subfield code="d">1</subfield>
    <subfield code="e">ecip</subfield>
    <subfield code="f">20</subfield>
    <subfield code="g">y-gencatlg</subfield>
  </datafield>
  <datafield tag="925" ind1="0" ind2=" ">
    <subfield code="a">acquire</subfield>
    <subfield code="b">2 shelf copies</subfield>
    <subfield code="x">Sel/rjc, 2017-02-02</subfield>
  </datafield>
  <datafield tag="955" ind1=" " ind2=" ">
    <subfield code="d">xm08 2016-02-12</subfield>
    <subfield code="w">xm08 2016-02-12 (telework)</subfield>
    <subfield code="a">xn11 2016-11-30 1 copy rec&apos;d., to CIP ver.</subfield>
    <subfield code="a">rl46 2016-12-07 to SMA</subfield>
    <subfield code="f">rl09 2016-12-07 ; to CALM</subfield>
    <subfield code="a">rl06 2017-02-02 to CALM copy 2</subfield>
  </datafield>
  <datafield tag="010" ind1=" " ind2=" ">
    <subfield code="a">  2016005752</subfield>
  </datafield>
  <datafield tag="020" ind1=" " ind2=" ">
    <subfield code="a">9781107087293 (hardback)</subfield>
  </datafield>
  <datafield tag="020" ind1=" " ind2=" ">
    <subfield code="a">1107087295</subfield>
  </datafield>
  <datafield tag="035" ind1=" " ind2=" ">
    <subfield code="a">(DNLM)101676510</subfield>
  </datafield>
  <datafield tag="040" ind1=" " ind2=" ">
    <subfield code="a">DNLM/DLC</subfield>
    <subfield code="b">eng</subfield>
    <subfield code="c">DLC</subfield>
    <subfield code="e">rda</subfield>
    <subfield code="d">DLC</subfield>
  </datafield>
  <datafield tag="050" ind1="0" ind2="0">
    <subfield code="a">RC388.5</subfield>
    <subfield code="b">.C33 2016</subfield>
  </datafield>
  <datafield tag="060" ind1="1" ind2="0">
    <subfield code="a">WL 356</subfield>
  </datafield>
  <datafield tag="082" ind1="0" ind2="0">
    <subfield code="a">616.8/1</subfield>
    <subfield code="2">23</subfield>
  </datafield>
  <datafield tag="245" ind1="0" ind2="0">
    <subfield code="a">Caplan&apos;s stroke :</subfield>
    <subfield code="b">a clinical approach /</subfield>
    <subfield code="c">edited by  Louis R Caplan, Beth Israel Deaconess Medical Center and Harvard Medical School, Boston, MA. USA.</subfield>
  </datafield>
  <datafield tag="246" ind1="1" ind2=" ">
    <subfield code="a">Stroke</subfield>
  </datafield>
  <datafield tag="250" ind1=" " ind2=" ">
    <subfield code="a">Fifth edition.</subfield>
  </datafield>
  <datafield tag="264" ind1=" " ind2="1">
    <subfield code="a">Cambridge ;</subfield>
    <subfield code="a">New York :</subfield>
    <subfield code="b">Cambridge University Press,</subfield>
    <subfield code="c">2016.</subfield>
  </datafield>
  <datafield tag="300" ind1=" " ind2=" ">
    <subfield code="a">ix, 640 pages :</subfield>
    <subfield code="b">illustrations (some color) ;</subfield>
    <subfield code="c">29 cm</subfield>
  </datafield>
  <datafield tag="336" ind1=" " ind2=" ">
    <subfield code="a">text</subfield>
    <subfield code="2">rdacontent</subfield>
  </datafield>
  <datafield tag="337" ind1=" " ind2=" ">
    <subfield code="a">unmediated</subfield>
    <subfield code="2">rdamedia</subfield>
  </datafield>
  <datafield tag="338" ind1=" " ind2=" ">
    <subfield code="a">volume</subfield>
    <subfield code="2">rdacarrier</subfield>
  </datafield>
  <datafield tag="500" ind1=" " ind2=" ">
    <subfield code="a">Preceded by Caplan&apos;s stroke / Louis R. Caplan. 4th ed. Philadelphia : Elsevier/Saunders, c2009.</subfield>
  </datafield>
  <datafield tag="504" ind1=" " ind2=" ">
    <subfield code="a">Includes bibliographial references and index.</subfield>
  </datafield>
  <datafield tag="505" ind1="0" ind2=" ">
    <subfield code="a">Introduction and perspective / Louis R. Caplan -- Pathology, anatomy, and pathophysiology of stroke / Louis R. Caplan and David Liebeskind -- Diagnosis and the clinical encounter / Louis R. Caplan and Fernando Baringamentaria -- Imaging and laboratory diagnosis / Louis R. Caplan, Bruce Campbell, and Steven Davis -- Genetics of stroke / Stephanie Debette and Louis R. Caplan -- Treatment / Louis R. Caplan and Jeffrey Saver -- Large artery occlusive disease of the anterior circulation / Louis R. Caplan and Lawrence Wechsler -- Large vessel occlusive disease of the posterior circulation / Louis R. Caplan and Jong S. Kim -- Penetrating and branch artery disease / Louis R. Caplan, Geoffrey Donnan, and Marie Dagonnier -- Brain embolism / Louis R. Caplan and Pierre Amarenco -- Post-cardiac arrest encephalopathy / Louis R. Caplan and Michael DeGeorgia -- Non-atherosclerotic vasculopathies / Louis R. Caplan and Jose Biller -- Subarachnoid hemorrhage, aneurysms, and vascular malformations / Tudor Jovin and Louis R. Caplan -- Intracerebral hemorrhage / Louis R. Caplan and Carlos Kase -- Stroke in children and young adults / Gabrielle DeVeber, Aneesh Singhal, and Louis R. Caplan -- Spinal cord vascular disease / Louis R. Caplan and Ayrton Massaro -- Cerebral venous thrombosis / Louis R. Caplan and Marie-Germaine Bousser -- Stroke prevention / Louis R. Caplan and Phillip Gorelick -- Complications in stroke patients / Louis R. Caplan and Sandeep Kumar -- Recovery, rehabilitation, and repair / Steven Cramer and Louis R. Caplan.</subfield>
  </datafield>
  <datafield tag="650" ind1=" " ind2="0">
    <subfield code="a">Cerebrovascular disease</subfield>
    <subfield code="x">Diagnosis.</subfield>
  </datafield>
  <datafield tag="650" ind1="1" ind2="2">
    <subfield code="a">Stroke</subfield>
    <subfield code="x">diagnosis</subfield>
  </datafield>
  <datafield tag="650" ind1="1" ind2="2">
    <subfield code="a">Stroke</subfield>
    <subfield code="x">therapy</subfield>
  </datafield>
  <datafield tag="650" ind1="2" ind2="2">
    <subfield code="a">Cerebrovascular Disorders</subfield>
    <subfield code="x">diagnosis</subfield>
  </datafield>
  <datafield tag="650" ind1="2" ind2="2">
    <subfield code="a">Cerebrovascular Disorders</subfield>
    <subfield code="x">therapy</subfield>
  </datafield>
  <datafield tag="700" ind1="1" ind2=" ">
    <subfield code="a">Caplan, Louis R.,</subfield>
    <subfield code="e">editor.</subfield>
  </datafield>
  <datafield tag="700" ind1="1" ind2=" ">
    <subfield code="a">Caplan, Louis R..</subfield>
    <subfield code="t">Caplan&apos;s stroke.</subfield>
    <subfield code="i">Preceded by (work):</subfield>
  </datafield>
  <datafield tag="952" ind1=" " ind2=" ">
    <subfield code="a">TO LC: Prev. ed. LCCN 2009007599.</subfield>
  </datafield>
  <datafield tag="985" ind1=" " ind2=" ">
    <subfield code="a">NLMCIP</subfield>
    <subfield code="d">2016-02-11</subfield>
  </datafield>
  <datafield tag="991" ind1=" " ind2=" ">
    <subfield code="b">r-SciRR</subfield>
    <subfield code="h">RC388.5</subfield>
    <subfield code="i">.C33 2016</subfield>
    <subfield code="t">Copy 2</subfield>
  </datafield>
</record>