
<record>
  <leader>02956cam a22004097i 4500</leader>
  <controlfield tag="001">18975035</controlfield>
  <controlfield tag="005">20200103120957.0</controlfield>
  <controlfield tag="008">151210s2015    ru a     b    100 0 rus  </controlfield>
  <datafield tag="906" ind1=" " ind2=" ">
    <subfield code="a">7</subfield>
    <subfield code="b">cbc</subfield>
    <subfield code="c">origres</subfield>
    <subfield code="d">3</subfield>
    <subfield code="e">ncip</subfield>
    <subfield code="f">20</subfield>
    <subfield code="g">y-nonroman</subfield>
  </datafield>
  <datafield tag="925" ind1="0" ind2=" ">
    <subfield code="a">acquire</subfield>
    <subfield code="b">1 shelf copy</subfield>
    <subfield code="x">policy default</subfield>
  </datafield>
  <datafield tag="955" ind1=" " ind2=" ">
    <subfield code="b">fe06 2016-03-17 to cat.</subfield>
    <subfield code="a">fe00 2016-03-18 to GS/RUS</subfield>
    <subfield code="h">fe12 2018-07-03 overtime to shelf</subfield>
    <subfield code="a">fe00 2018-07-25 to GS/RUS</subfield>
    <subfield code="i">fe22 2019-04-29</subfield>
  </datafield>
  <datafield tag="010" ind1=" " ind2=" ">
    <subfield code="a">  2015524618</subfield>
  </datafield>
  <datafield tag="020" ind1=" " ind2=" ">
    <subfield code="a">9785962412276</subfield>
    <subfield code="q">(pbk.)</subfield>
  </datafield>
  <datafield tag="035" ind1=" " ind2=" ">
    <subfield code="a">(RuMoEVIS)ev1147159B</subfield>
  </datafield>
  <datafield tag="040" ind1=" " ind2=" ">
    <subfield code="a">DLC</subfield>
    <subfield code="b">eng</subfield>
    <subfield code="e">rda</subfield>
    <subfield code="c">DLC</subfield>
  </datafield>
  <datafield tag="050" ind1="0" ind2="0">
    <subfield code="a">BJ1500.T73</subfield>
    <subfield code="b">T72 2015</subfield>
  </datafield>
  <datafield tag="066" ind1=" " ind2=" ">
    <subfield code="c">(N</subfield>
  </datafield>
  <datafield tag="111" ind1="2" ind2=" ">
    <subfield code="a">Transgressii︠a︡ sot︠s︡iokulʹturnogo prostranstva (Conference)</subfield>
    <subfield code="n">(3rd :</subfield>
    <subfield code="d">2015 :</subfield>
    <subfield code="c">Irkutsk, Russia),</subfield>
    <subfield code="j">author.</subfield>
  </datafield>
  <datafield tag="245" ind1="1" ind2="0">
    <subfield code="6">880-01</subfield>
    <subfield code="a">Transgressii︠a︡ sot︠s︡iokulʹturnogo prostranstva :</subfield>
    <subfield code="b">materialy III Vserossiĭskoĭ nauchnoĭ internet-konferent︠s︡ii Irkutsk, 1-20 fevrali︠a︡ 2015 g. /</subfield>
    <subfield code="c">Pod obshcheĭ redakt︠s︡ieĭ O.A. Ėdelʹshteĭn, O.A. Poli︠u︡shkevich.</subfield>
  </datafield>
  <datafield tag="880" ind1="1" ind2="0">
    <subfield code="6">245-01/(N</subfield>
    <subfield code="a">Трансгрессия социокультурного пространства :</subfield>
    <subfield code="b">материалы III Всероссийской научной интернет-конференции Иркутск, 1-20 февраля 2015 г. /</subfield>
    <subfield code="c">Под общей редакцией О.А. Эдельштейн, О.А. Полюшкевич.</subfield>
  </datafield>
  <datafield tag="264" ind1=" " ind2="1">
    <subfield code="6">880-02</subfield>
    <subfield code="a">Irkutsk :</subfield>
    <subfield code="b">Izdatelʹstvo IGU,</subfield>
    <subfield code="c">2015.</subfield>
  </datafield>
  <datafield tag="880" ind1=" " ind2="1">
    <subfield code="6">264-02/(N</subfield>
    <subfield code="a">Иркутск :</subfield>
    <subfield code="b">Издательство ИГУ,</subfield>
    <subfield code="c">2015.</subfield>
  </datafield>
  <datafield tag="300" ind1=" " ind2=" ">
    <subfield code="a">370 pages :</subfield>
    <subfield code="b">illustrations ;</subfield>
    <subfield code="c">21 cm</subfield>
  </datafield>
  <datafield tag="336" ind1=" " ind2=" ">
    <subfield code="a">text</subfield>
    <subfield code="b">txt</subfield>
    <subfield code="2">rdacontent</subfield>
  </datafield>
  <datafield tag="337" ind1=" " ind2=" ">
    <subfield code="a">unmediated</subfield>
    <subfield code="b">n</subfield>
    <subfield code="2">rdamedia</subfield>
  </datafield>
  <datafield tag="338" ind1=" " ind2=" ">
    <subfield code="a">volume</subfield>
    <subfield code="b">nc</subfield>
    <subfield code="2">rdacarrier</subfield>
  </datafield>
  <datafield tag="500" ind1=" " ind2=" ">
    <subfield code="6">880-03</subfield>
    <subfield code="a">At head of title: Ministerstvo obrazovanii︠a︡ i nauki Rossiĭskoĭ Federat︠s︡ii. Federalʹnoe gosudarstvennoe bi︠u︡dzhetnoe obrazovatelʹnoe uchrezhdenie vysshego professionalʹnogo obrazovanii︠a︡ &quot;Irkutskiĭ gosudarstvennyĭ universitet&quot;.</subfield>
  </datafield>
  <datafield tag="880" ind1=" " ind2=" ">
    <subfield code="6">500-03/(N</subfield>
    <subfield code="a">At head of title: Министерство образования и науки Российской Федерации. Федеральное государственное бюджетное образовательное учреждение высшего профессионального образования &quot;Иркутский государственный университет&quot;.</subfield>
  </datafield>
  <datafield tag="504" ind1=" " ind2=" ">
    <subfield code="a">Includes bibliographical references.</subfield>
  </datafield>
  <datafield tag="650" ind1=" " ind2="0">
    <subfield code="a">Transgression (Ethics)</subfield>
    <subfield code="x">Social aspects</subfield>
    <subfield code="z">Russia (Federation)</subfield>
    <subfield code="v">Congresses.</subfield>
  </datafield>
  <datafield tag="650" ind1=" " ind2="0">
    <subfield code="a">Sociology</subfield>
    <subfield code="z">Russia (Federation)</subfield>
    <subfield code="v">Congresses.</subfield>
  </datafield>
  <datafield tag="700" ind1="1" ind2=" ">
    <subfield code="a">Ėdelʹshteĭn, O. A.,</subfield>
    <subfield code="e">editor.</subfield>
  </datafield>
  <datafield tag="700" ind1="1" ind2=" ">
    <subfield code="a">Poli︠u︡shkevich, O. A.</subfield>
    <subfield code="q">(Oksana Aleksandrovna),</subfield>
    <subfield code="d">1981-</subfield>
    <subfield code="e">editor.</subfield>
  </datafield>
  <datafield tag="710" ind1="1" ind2=" ">
    <subfield code="a">Russia (Federation).</subfield>
    <subfield code="b">Ministerstvo obrazovanii︠a︡ i nauki,</subfield>
    <subfield code="e">sponsoring body.</subfield>
  </datafield>
  <datafield tag="710" ind1="2" ind2=" ">
    <subfield code="a">Irkutskiĭ gosudarstvennyĭ universitet,</subfield>
    <subfield code="e">sponsoring body.</subfield>
  </datafield>
  <datafield tag="923" ind1=" " ind2=" ">
    <subfield code="d">20160127</subfield>
    <subfield code="n">10165961</subfield>
    <subfield code="s">RuMoEVIS</subfield>
  </datafield>
  <datafield tag="985" ind1=" " ind2=" ">
    <subfield code="e">VENDOR LOAD</subfield>
  </datafield>
</record>