
<record>
  <leader>02225cam a22003377i 4500</leader>
  <controlfield tag="001">18975074</controlfield>
  <controlfield tag="005">20200103120957.0</controlfield>
  <controlfield tag="008">160120s2015    ru       b    100 0 rus  </controlfield>
  <datafield tag="906" ind1=" " ind2=" ">
    <subfield code="a">7</subfield>
    <subfield code="b">cbc</subfield>
    <subfield code="c">origres</subfield>
    <subfield code="d">3</subfield>
    <subfield code="e">ncip</subfield>
    <subfield code="f">20</subfield>
    <subfield code="g">y-nonroman</subfield>
  </datafield>
  <datafield tag="925" ind1="0" ind2=" ">
    <subfield code="a">acquire</subfield>
    <subfield code="b">1 shelf copy</subfield>
    <subfield code="x">policy default</subfield>
  </datafield>
  <datafield tag="955" ind1=" " ind2=" ">
    <subfield code="b">fe15 2016-06-21 telework to cat.</subfield>
    <subfield code="a">fe00 2016-07-11 to GS/RUS</subfield>
    <subfield code="h">fe12 2019-05-24 overtime to shelf</subfield>
  </datafield>
  <datafield tag="010" ind1=" " ind2=" ">
    <subfield code="a">  2016425049</subfield>
  </datafield>
  <datafield tag="020" ind1=" " ind2=" ">
    <subfield code="a">9785853416291 (pbk.)</subfield>
  </datafield>
  <datafield tag="035" ind1=" " ind2=" ">
    <subfield code="a">(RuMoEVIS)ev1149309B</subfield>
  </datafield>
  <datafield tag="040" ind1=" " ind2=" ">
    <subfield code="a">DLC</subfield>
    <subfield code="b">eng</subfield>
    <subfield code="e">rda</subfield>
    <subfield code="c">DLC</subfield>
  </datafield>
  <datafield tag="043" ind1=" " ind2=" ">
    <subfield code="a">e-ur---</subfield>
  </datafield>
  <datafield tag="050" ind1="0" ind2="0">
    <subfield code="a">MLCS 2019/42715 (D)</subfield>
  </datafield>
  <datafield tag="066" ind1=" " ind2=" ">
    <subfield code="c">(N</subfield>
  </datafield>
  <datafield tag="245" ind1="0" ind2="0">
    <subfield code="6">880-01</subfield>
    <subfield code="a">Velikai︠a︡ Otechestvennai︠a︡ voĭna v sovremennom osmyslenii :</subfield>
    <subfield code="b">materialy regionalʹnoĭ nauchno-prakticheskoĭ konferent︠s︡ii &quot;Velikai︠a︡ Otechestvennai︠a︡ voĭna v sovremennom osmyslenii&quot;, (g. Cherepovet︠s︡, 7 mai︠a︡ 2010 g.), Vserossiĭskoĭ nauchno-prakticheskoĭ konferent︠s︡ii &quot;Velikai︠a︡ Otechestvennai︠a︡ voĭna i sovremennostʹ&quot;, (g. Cherepovet︠s︡, 7 mai︠a︡ 2015 g.) /</subfield>
    <subfield code="c">Red.-sost.: A.E. Novikov.</subfield>
  </datafield>
  <datafield tag="880" ind1="0" ind2="0">
    <subfield code="6">245-01/(N</subfield>
    <subfield code="a">Великая Отечественная война в современном осмыслении :</subfield>
    <subfield code="b">материалы региональной научно-практической конференции &quot;Великая Отечественная война в современном осмыслении&quot;, (г. Череповец, 7 мая 2010 г.), Всероссийской научно-практической конференции &quot;Великая Отечественная война и современность&quot;, (г. Череповец, 7 мая 2015 г.) /</subfield>
    <subfield code="c">Ред.-сост.: А.Е. Новиков.</subfield>
  </datafield>
  <datafield tag="264" ind1=" " ind2="1">
    <subfield code="6">880-02</subfield>
    <subfield code="a">Cherepovet︠s︡ :</subfield>
    <subfield code="b">ChGU,</subfield>
    <subfield code="c">2015.</subfield>
  </datafield>
  <datafield tag="880" ind1=" " ind2="1">
    <subfield code="6">264-02/(N</subfield>
    <subfield code="a">Череповец :</subfield>
    <subfield code="b">ЧГУ,</subfield>
    <subfield code="c">2015.</subfield>
  </datafield>
  <datafield tag="300" ind1=" " ind2=" ">
    <subfield code="a">160 pages ;</subfield>
    <subfield code="c">21 cm</subfield>
  </datafield>
  <datafield tag="336" ind1=" " ind2=" ">
    <subfield code="a">text</subfield>
    <subfield code="b">txt</subfield>
    <subfield code="2">rdacontent</subfield>
  </datafield>
  <datafield tag="337" ind1=" " ind2=" ">
    <subfield code="a">unmediated</subfield>
    <subfield code="b">n</subfield>
    <subfield code="2">rdamedia</subfield>
  </datafield>
  <datafield tag="338" ind1=" " ind2=" ">
    <subfield code="a">volume</subfield>
    <subfield code="b">nc</subfield>
    <subfield code="2">rdacarrier</subfield>
  </datafield>
  <datafield tag="504" ind1=" " ind2=" ">
    <subfield code="a">Includes bibliographical references.</subfield>
  </datafield>
  <datafield tag="653" ind1="0" ind2=" ">
    <subfield code="a">World War, 1939-1945;</subfield>
    <subfield code="a">congresses</subfield>
  </datafield>
  <datafield tag="700" ind1="1" ind2=" ">
    <subfield code="a">Novikov, A. E.</subfield>
    <subfield code="q">(Alekseĭ Evgenʹevich),</subfield>
    <subfield code="e">editor-compiler.</subfield>
  </datafield>
  <datafield tag="923" ind1=" " ind2=" ">
    <subfield code="d">20160127</subfield>
    <subfield code="n">10165976</subfield>
    <subfield code="s">RuMoEVIS</subfield>
  </datafield>
  <datafield tag="985" ind1=" " ind2=" ">
    <subfield code="e">VENDOR LOAD</subfield>
  </datafield>
</record>