
<record>
  <leader>04085cam a22004697i 4500</leader>
  <controlfield tag="001">18977368</controlfield>
  <controlfield tag="005">20200103150554.0</controlfield>
  <controlfield tag="008">160216s2016    enkab    b    101 0 eng  </controlfield>
  <datafield tag="906" ind1=" " ind2=" ">
    <subfield code="a">7</subfield>
    <subfield code="b">cbc</subfield>
    <subfield code="c">orignew</subfield>
    <subfield code="d">1</subfield>
    <subfield code="e">ecip</subfield>
    <subfield code="f">20</subfield>
    <subfield code="g">y-gencatlg</subfield>
  </datafield>
  <datafield tag="925" ind1="0" ind2=" ">
    <subfield code="a">acquire</subfield>
    <subfield code="b">1 shelf copy</subfield>
    <subfield code="x">policy default</subfield>
  </datafield>
  <datafield tag="955" ind1=" " ind2=" ">
    <subfield code="b">rf14 2016-02-16</subfield>
    <subfield code="c">rf14 2016-02-16 telework</subfield>
    <subfield code="d">rf14 2016-02-19 telework; to SL</subfield>
    <subfield code="e">rf07 2016-02-23 (telework) to Dewey</subfield>
    <subfield code="w">xm09 2016-02-24</subfield>
    <subfield code="i">hf07 2016-06-24 to BCCD</subfield>
  </datafield>
  <datafield tag="010" ind1=" " ind2=" ">
    <subfield code="a">  2015047072</subfield>
  </datafield>
  <datafield tag="020" ind1=" " ind2=" ">
    <subfield code="a">9781138640672 (hardback : alkaline paper)</subfield>
  </datafield>
  <datafield tag="020" ind1=" " ind2=" ">
    <subfield code="a">9781138640689 (paperback : alkaline paper)</subfield>
  </datafield>
  <datafield tag="020" ind1=" " ind2=" ">
    <subfield code="z">9781315630786 (ebook)</subfield>
  </datafield>
  <datafield tag="040" ind1=" " ind2=" ">
    <subfield code="a">DLC</subfield>
    <subfield code="b">eng</subfield>
    <subfield code="c">DLC</subfield>
    <subfield code="e">rda</subfield>
  </datafield>
  <datafield tag="043" ind1=" " ind2=" ">
    <subfield code="a">e-uk-st</subfield>
  </datafield>
  <datafield tag="050" ind1="0" ind2="0">
    <subfield code="a">N6774</subfield>
    <subfield code="b">.M43 2016</subfield>
  </datafield>
  <datafield tag="082" ind1="0" ind2="0">
    <subfield code="a">709.02</subfield>
    <subfield code="2">23</subfield>
  </datafield>
  <datafield tag="245" ind1="0" ind2="0">
    <subfield code="a">Medieval art, architecture and archaeology in the dioceses of Aberdeen and Moray /</subfield>
    <subfield code="c">edited by Jane Geddes.</subfield>
  </datafield>
  <datafield tag="264" ind1=" " ind2="1">
    <subfield code="a">Milton Park, Abingdon, Oxon ;</subfield>
    <subfield code="a">New York, NY :</subfield>
    <subfield code="b">Routledge,</subfield>
    <subfield code="c">2016.</subfield>
  </datafield>
  <datafield tag="300" ind1=" " ind2=" ">
    <subfield code="a">x, 252 pages :</subfield>
    <subfield code="b">illustrations (some color), maps (some color) ;</subfield>
    <subfield code="c">26 cm</subfield>
  </datafield>
  <datafield tag="336" ind1=" " ind2=" ">
    <subfield code="a">text</subfield>
    <subfield code="b">txt</subfield>
    <subfield code="2">rdacontent</subfield>
  </datafield>
  <datafield tag="337" ind1=" " ind2=" ">
    <subfield code="a">unmediated</subfield>
    <subfield code="b">n</subfield>
    <subfield code="2">rdamedia</subfield>
  </datafield>
  <datafield tag="338" ind1=" " ind2=" ">
    <subfield code="a">volume</subfield>
    <subfield code="b">nc</subfield>
    <subfield code="2">rdacarrier</subfield>
  </datafield>
  <datafield tag="500" ind1=" " ind2=" ">
    <subfield code="a">Papers from the 2014 British Archaeological Association Conference held in Aberdeen, Scotland.</subfield>
  </datafield>
  <datafield tag="504" ind1=" " ind2=" ">
    <subfield code="a">Includes bibliographical references and index.</subfield>
  </datafield>
  <datafield tag="505" ind1="0" ind2=" ">
    <subfield code="a">Locating Aberdeen and Elgin in the later Middle Ages : regional, national and international paradigms / David Ditchburn -- The medieval church in the dioceses of Aberdeen and Moray / Richard Oram -- Elgin Cathedral and medieval church architecture in north-east Scotland / Richard Fawcett -- Bishops&apos; palaces in the medieval dioceses of Aberdeen and Moray / Penelope Dransart -- Excavations within the East Kirk of St. Nicholas, Aberdeen / Alison S. Cameron and Judith A. Stones -- Post-Reformation church architecture in the Marischal Earldom, 1560-1625 / Miles Kerr-Peterson -- Patronage at the Collegiate Church at Cullen / Lizzie Swarbrick -- From relegation to elevation : the viewer&apos;s relationship with painted ceilings from the medieval to Renaissance eras in north-east Scotland / Fern Insh -- Piping pigs and mermaid groping : six carved panels from Fetteresso / Jane Geddes -- The arbuthnott manuscripts : the patronage and production of illuminated books in late medieval Scotland / Julian Luxford -- The Arbuthnott Book of Hours : book production and religious culture in late medieval Scotland / Marlene Villalobos Hennessy -- North-eastern saints in the Aberdeen Breviary and the Historia Gentis Scotorum of Hector Boece : liturgy, history and religious practice in late medieval Scotland / Tom Turpie.</subfield>
  </datafield>
  <datafield tag="520" ind1="2" ind2=" ">
    <subfield code="a">&quot;The British Archaeological Association Conference of 2014, based at Aberdeen University, surveyed the medieval heritage of Aberdeenshire and Moray. The opening historical papers establish the political, economic and administrative context of the region, looking at both the secular and religious worlds and including an examination of Elgin Cathedral and the bishops&apos; palaces. The discoveries at the excavations of the kirk of St. Nicholas, which have revealed the early origins of religious life in Aberdeen city, are summarised here prior to full publication&quot;--Amazon.com.</subfield>
  </datafield>
  <datafield tag="650" ind1=" " ind2="0">
    <subfield code="a">Art, Medieval</subfield>
    <subfield code="z">Scotland</subfield>
    <subfield code="z">Aberdeen</subfield>
    <subfield code="v">Congresses.</subfield>
  </datafield>
  <datafield tag="650" ind1=" " ind2="0">
    <subfield code="a">Art, Medieval</subfield>
    <subfield code="z">Scotland</subfield>
    <subfield code="z">Moray</subfield>
    <subfield code="v">Congresses.</subfield>
  </datafield>
  <datafield tag="650" ind1=" " ind2="0">
    <subfield code="a">Architecture, Medieval</subfield>
    <subfield code="z">Scotland</subfield>
    <subfield code="z">Aberdeen</subfield>
    <subfield code="v">Congresses.</subfield>
  </datafield>
  <datafield tag="650" ind1=" " ind2="0">
    <subfield code="a">Architecture, Medieval</subfield>
    <subfield code="z">Scotland</subfield>
    <subfield code="z">Moray</subfield>
    <subfield code="v">Congresses.</subfield>
  </datafield>
  <datafield tag="650" ind1=" " ind2="0">
    <subfield code="a">Church architecture</subfield>
    <subfield code="z">Scotland</subfield>
    <subfield code="z">Moray</subfield>
    <subfield code="x">History</subfield>
    <subfield code="v">Congresses.</subfield>
  </datafield>
  <datafield tag="650" ind1=" " ind2="0">
    <subfield code="a">Church architecture</subfield>
    <subfield code="z">Scotland</subfield>
    <subfield code="z">Moray</subfield>
    <subfield code="x">History</subfield>
    <subfield code="v">Congresses.</subfield>
  </datafield>
  <datafield tag="650" ind1=" " ind2="0">
    <subfield code="a">Archaeology, Medieval</subfield>
    <subfield code="z">Scotland</subfield>
    <subfield code="z">Aberdeen</subfield>
    <subfield code="v">Congresses.</subfield>
  </datafield>
  <datafield tag="650" ind1=" " ind2="0">
    <subfield code="a">Archaeology, Medieval</subfield>
    <subfield code="z">Scotland</subfield>
    <subfield code="z">Moray</subfield>
    <subfield code="v">Congresses.</subfield>
  </datafield>
  <datafield tag="651" ind1=" " ind2="0">
    <subfield code="a">Aberdeen (Scotland)</subfield>
    <subfield code="x">Antiquities</subfield>
    <subfield code="v">Congresses.</subfield>
  </datafield>
  <datafield tag="651" ind1=" " ind2="0">
    <subfield code="a">Moray (Scotland)</subfield>
    <subfield code="x">Antiquities</subfield>
    <subfield code="v">Congresses.</subfield>
  </datafield>
  <datafield tag="700" ind1="1" ind2=" ">
    <subfield code="a">Geddes, J.</subfield>
    <subfield code="q">(Jane)</subfield>
  </datafield>
  <datafield tag="710" ind1="2" ind2=" ">
    <subfield code="a">British Archaeological Association.</subfield>
    <subfield code="b">Conference.</subfield>
    <subfield code="d">(2014 :</subfield>
    <subfield code="c">Aberdeen, Scotland)</subfield>
  </datafield>
  <datafield tag="923" ind1=" " ind2=" ">
    <subfield code="a">purchase</subfield>
    <subfield code="d">0606</subfield>
    <subfield code="n">669449</subfield>
    <subfield code="s">YBP Library Services</subfield>
  </datafield>
</record>