
<record>
  <leader>04612cam a22003377i 4500</leader>
  <controlfield tag="001">18981871</controlfield>
  <controlfield tag="005">20200103150558.0</controlfield>
  <controlfield tag="008">160219s2016    pau      b    001 0 eng  </controlfield>
  <datafield tag="906" ind1=" " ind2=" ">
    <subfield code="a">7</subfield>
    <subfield code="b">cbc</subfield>
    <subfield code="c">orignew</subfield>
    <subfield code="d">1</subfield>
    <subfield code="e">ecip</subfield>
    <subfield code="f">20</subfield>
    <subfield code="g">y-gencatlg</subfield>
  </datafield>
  <datafield tag="925" ind1="0" ind2=" ">
    <subfield code="a">acquire</subfield>
    <subfield code="b">1 shelf copy</subfield>
    <subfield code="x">policy default</subfield>
  </datafield>
  <datafield tag="955" ind1=" " ind2=" ">
    <subfield code="b">rm13 2016-02-19</subfield>
    <subfield code="i">rm13 2016-02-19 (telework)</subfield>
    <subfield code="w">xm06 2016-02-19</subfield>
    <subfield code="a">xn05 2016-03-18 1 copy rec&apos;d., to CIP ver.</subfield>
    <subfield code="f">rm06 2016-07-13 to CALM</subfield>
  </datafield>
  <datafield tag="010" ind1=" " ind2=" ">
    <subfield code="a">  2015046859</subfield>
  </datafield>
  <datafield tag="020" ind1=" " ind2=" ">
    <subfield code="a">9781466698673 (hardcover : alk. paper)</subfield>
  </datafield>
  <datafield tag="020" ind1=" " ind2=" ">
    <subfield code="z">9781466698680 (ebook)</subfield>
  </datafield>
  <datafield tag="040" ind1=" " ind2=" ">
    <subfield code="a">DLC</subfield>
    <subfield code="b">eng</subfield>
    <subfield code="c">DLC</subfield>
    <subfield code="e">rda</subfield>
    <subfield code="d">DLC</subfield>
  </datafield>
  <datafield tag="050" ind1="0" ind2="0">
    <subfield code="a">HD69.P75</subfield>
    <subfield code="b">S7647 2016</subfield>
  </datafield>
  <datafield tag="082" ind1="0" ind2="0">
    <subfield code="a">658.4/04</subfield>
    <subfield code="2">23</subfield>
  </datafield>
  <datafield tag="245" ind1="0" ind2="0">
    <subfield code="a">Strategic integration of social media into project management practice /</subfield>
    <subfield code="c">Gilbert Silvius, LOI University of Applied Sciences, The Netherlands &amp; University of Johannesburg, South Africa.</subfield>
  </datafield>
  <datafield tag="264" ind1=" " ind2="1">
    <subfield code="a">Hershey :</subfield>
    <subfield code="b">Business Science Reference, An Imprint of IGI Global,</subfield>
    <subfield code="c">[2016]</subfield>
  </datafield>
  <datafield tag="300" ind1=" " ind2=" ">
    <subfield code="a">xxi, 343 pages ;</subfield>
    <subfield code="c">29 cm</subfield>
  </datafield>
  <datafield tag="336" ind1=" " ind2=" ">
    <subfield code="a">text</subfield>
    <subfield code="2">rdacontent</subfield>
  </datafield>
  <datafield tag="337" ind1=" " ind2=" ">
    <subfield code="a">unmediated</subfield>
    <subfield code="2">rdamedia</subfield>
  </datafield>
  <datafield tag="338" ind1=" " ind2=" ">
    <subfield code="a">volume</subfield>
    <subfield code="2">rdacarrier</subfield>
  </datafield>
  <datafield tag="504" ind1=" " ind2=" ">
    <subfield code="a">Includes bibliographical references (pages 306-333) and index.</subfield>
  </datafield>
  <datafield tag="505" ind1="0" ind2=" ">
    <subfield code="a">Preface -- Acknowledgements -- The opportunity of social media -- Project management 2.0 : towards the renewal of the discipline / Hamid Nach, Université de Québec à Rimouski, Canada -- Effects of social media on project management / Mark Sponselee, Van Aetsveld, the Netherlands -- Social media use in managing project communication / Esther van Dokkum, HU University of Applied Sciences, The Netherlands, Pascal Ravesteijn, HU University of Applied Sciences, The Netherlands -- Social media for project management / Amir Manzoor, Bahria University, Pakistan -- The human factor and social media -- The influence of social media on teamwork aspects / Frank Molendijk, Port of Rotterdam &amp; HU University of Applied Sciences, the Netherlands -- Investigating the intention to use social media tools within virtual project teams / Jerry Giltenane, Aspiracon, Ireland -- Barriers to social media adoption on projects / Elizabeth Harrin, Otobos Consultants, United Kingdom -- Tools and technologies of social media -- Analyzing the landscape of social media / Gilbert Silvius, LOI University of Applied Sciences, the Netherlands &amp; University of Johannesburg, South Africa -- Social media use within project teams / Linky van der Merwe, Virtual Project Consulting, South Africa -- An integrated approach to collaborative learning in projects / Giuliana Teixeira Veronese, Stefanini IT Solutions, Brazil, Marcirio Chaves, Nove de Julho University - UNINOVE, Brazil -- &quot;Smart&quot; project management : smartphone apps for project management / Céline Silvius, De Montfort University, United Kingdom, Gilbert Silvius, LOI University of Applied Sciences, the Netherlands &amp; University of Johannesburg, South Africa -- Cases and applications -- Developing a social media communication plan: a case study of the quicker steps project / Ahdia Nazari, Omnia, Finland -- Projects without email, is that possible? / Peter Wijngaard, Atos Consulting, the Netherlands, Tim de Vries, MSD, the Netherlands, Anne Basten, Atos, the Netherlands, Ina Wensveen, Atos, the Netherlands -- From reactive to proactive use of social media in emergency response : a critical discussion of the twitcident project / Kees Boersma, VU University, the Netherlands, Dominique Diks, Hiemstra en De Vries, the Netherlands, Julie Ferguson, VU University, the Netherlands, Jeroen Wolbers, VU University, the Netherlands -- Using twitter for collaborative student and project manager learning / Kate Barnett-Richards, Coventry University, United Kingdom, Marie Sams, Coventry University, United Kingdom -- Social media applications promote constituent involvement in government management / Gerald A. Merwin Jr., Valdosta State University, USA, J. Scott McDonald, University of Texas El Paso, USA, John R. Bennett Jr., Savannah Bicycle Campaign &amp; Valdosta State University, USA, Keith A. Merwin, Merwin Associates, USA -- Epilogue.</subfield>
  </datafield>
  <datafield tag="520" ind1=" " ind2=" ">
    <subfield code="a">&quot;This book is an authoritative reference source for the latest research on benefits and challenges presented by the integration of online social networks in the project development process, highlighting relevant perspectives on team communication, effective collaboration, and stakeholder engagement&quot;--</subfield>
    <subfield code="c">Provided by publisher.</subfield>
  </datafield>
  <datafield tag="650" ind1=" " ind2="0">
    <subfield code="a">Project management.</subfield>
  </datafield>
  <datafield tag="650" ind1=" " ind2="0">
    <subfield code="a">Management</subfield>
    <subfield code="x">Technological innovations.</subfield>
  </datafield>
  <datafield tag="650" ind1=" " ind2="0">
    <subfield code="a">Online social networks in business.</subfield>
  </datafield>
  <datafield tag="650" ind1=" " ind2="0">
    <subfield code="a">Communication in management.</subfield>
  </datafield>
  <datafield tag="700" ind1="1" ind2=" ">
    <subfield code="a">Silvius, Gilbert,</subfield>
    <subfield code="e">editor.</subfield>
  </datafield>
</record>